@BOOK{book:lrr,
	author	= "Charles Perrault and Jack Zipes and Trina Schart Hyman",
	title 	= "Little Red Riding Hood",
	year 	= "1697"
};


@electronic{web:kent,
	author 	= "Kent Lundberg",
	title 	= "Ten Reasons Why TeX is Better than Word",
	url 	= "http://web.mit.edu/klund/www/urk/texvword.html",
	year 	= "2016"
};

@electronic{web:texMath,
	title 	= "LaTeX/Mathematics",
	url 	= "https://en.wikibooks.org/wiki/LaTeX/Mathematics",
	year 	= "2016"
};