
@conference{hpn2, 
	author = "Leslie Pack Kaelbing and Tomas Lozano-Perez", 
	Title = "Hierarchical Task and Motion Planning in the Now", 
	publisher = "IEEE International Conference on Robotics and Automation", 
	YEAR = 2011, 
} 

@article{waipointSequence,
	author  = "Janko Petereit and Thomas Emter and Christian W. Frey",
	title   = "Safe mobile robot motion planning for waypoint sequences in a dynamic environment",
	publisher = "IEEE International Conference on Industrial Technology", 
	year    = 2013,
}

@article{asymov,
	author  = "Fabien Gravot and Stephane Cambon and Rachid Alami",
	title   = "aSyMov: a planner that deals with intricate symbolic and geometric problems"
}

@article{asymov2,
	author  = "Fabien Gravot and Stephane Cambon and Rachid Alami",
	title   = "A Robot Task Planner that Merges Symbolic and Geometric Reasoning"
}

@article{ffrob,
	author  = "Caelan Reed Garrett and Tomas Lozano-Perez and Leslie Pack Kaelbling",
	title   = "FFRob: An efficient heuristic for task and motion planning"
}